<record><leader>00000cas a22000007a 4500</leader><controlfield tag="001">12697317</controlfield><controlfield tag="008">851019d18631863tnudn ne      0   a0eng d</controlfield><datafield ind1=" " ind2=" " tag="010"><subfield code="a">sn 85038524 </subfield></datafield><datafield ind1=" " ind2=" " tag="040"><subfield code="a">NPY</subfield><subfield code="b">eng</subfield><subfield code="c">NPY</subfield><subfield code="d">DLC</subfield><subfield code="d">NLG</subfield><subfield code="d">TGN</subfield><subfield code="d">OCL</subfield><subfield code="d">DLC</subfield><subfield code="d">OCLCF</subfield><subfield code="d">DLC</subfield></datafield><datafield ind1="0" ind2=" " tag="022"><subfield code="a">2331-9992</subfield><subfield code="2">1</subfield></datafield><datafield ind1=" " ind2=" " tag="042"><subfield code="a">msc</subfield><subfield code="a">nsdp</subfield></datafield><datafield ind1=" " ind2=" " tag="043"><subfield code="a">n-us-tn</subfield></datafield><datafield ind1="0" ind2="0" tag="050"><subfield code="a">Newspaper</subfield></datafield><datafield ind1="0" ind2="0" tag="082"><subfield code="a">071</subfield><subfield code="2">23</subfield></datafield><datafield ind1="0" ind2=" " tag="130"><subfield code="a">Winchester daily bulletin (Winchester, Tenn.)</subfield></datafield><datafield ind1=" " ind2="0" tag="222"><subfield code="a">Winchester daily bulletin</subfield><subfield code="b">(Winchester, Tenn. Print)</subfield></datafield><datafield ind1="1" ind2="0" tag="245"><subfield code="a">Winchester daily bulletin.</subfield></datafield><datafield ind1="1" ind2=" " tag="246"><subfield code="i">Colophon title:</subfield><subfield code="a">Daily bulletin</subfield></datafield><datafield ind1=" " ind2=" " tag="260"><subfield code="a">Winchester, Tenn :</subfield><subfield code="b">W.J. Slatter,</subfield><subfield code="c">1863-</subfield></datafield><datafield ind1=" " ind2=" " tag="300"><subfield code="a">v. ;</subfield><subfield code="b">45 cm.</subfield></datafield><datafield ind1=" " ind2=" " tag="310"><subfield code="a">Daily (except Mon.)</subfield></datafield><datafield ind1="0" ind2=" " tag="362"><subfield code="a">Vol. 1, no. 86 (Jan. 29, 1863)-</subfield></datafield><datafield ind1="1" ind2=" " tag="362"><subfield code="a">Ceased in 1863.</subfield></datafield><datafield ind1=" " ind2=" " tag="500"><subfield code="a">Editors: S.L. Gannaway &amp; W.J. Slatter, Jan. 29-&lt;Apr. 5&gt;, 1863; W.J. Slatter, &lt;Apr. 10-June 20&gt;, 1863.</subfield></datafield><datafield ind1=" " ind2=" " tag="500"><subfield code="a">Published at Newnan, Ga., &lt;Nov. 4, 13, and 17, 1863&gt;.</subfield></datafield><datafield ind1=" " ind2=" " tag="515"><subfield code="a">Numbering indicates that some issues were not published.</subfield></datafield><datafield ind1=" " ind2=" " tag="515"><subfield code="a">Suspended: June. 21-&lt;Nov. 3&gt;, 1863.</subfield></datafield><datafield ind1=" " ind2=" " tag="530"><subfield code="a">Archived issues are available in digital format as part of the Library of Congress Chronicling America online collection.</subfield></datafield><datafield ind1=" " ind2=" " tag="580"><subfield code="a">While suspended: Winchester army bulletin, was issued from its office.</subfield></datafield><datafield ind1=" " ind2=" " tag="580"><subfield code="a">Published by W.J. Slatter during the suspension of: Home journal (Winchester, Tenn. : 1858).</subfield></datafield><datafield ind1=" " ind2="0" tag="651"><subfield code="a">Winchester (Tenn.)</subfield><subfield code="v">Newspapers.</subfield></datafield><datafield ind1=" " ind2="0" tag="651"><subfield code="a">Franklin County (Tenn.)</subfield><subfield code="v">Newspapers.</subfield></datafield><datafield ind1=" " ind2="0" tag="651"><subfield code="a">Newnan (Ga.)</subfield><subfield code="v">Newspapers.</subfield></datafield><datafield ind1=" " ind2="0" tag="651"><subfield code="a">Coweta County (Ga.)</subfield><subfield code="v">Newspapers.</subfield></datafield><datafield ind1=" " ind2="7" tag="651"><subfield code="a">Georgia</subfield><subfield code="z">Coweta County.</subfield><subfield code="2">fast</subfield><subfield code="0">(OCoLC)fst01211861</subfield></datafield><datafield ind1=" " ind2="7" tag="651"><subfield code="a">Georgia</subfield><subfield code="z">Newnan.</subfield><subfield code="2">fast</subfield><subfield code="0">(OCoLC)fst01217765</subfield></datafield><datafield ind1=" " ind2="7" tag="651"><subfield code="a">Tennessee</subfield><subfield code="z">Franklin County.</subfield><subfield code="2">fast</subfield><subfield code="0">(OCoLC)fst01207052</subfield></datafield><datafield ind1=" " ind2="7" tag="651"><subfield code="a">Tennessee</subfield><subfield code="z">Winchester.</subfield><subfield code="2">fast</subfield><subfield code="0">(OCoLC)fst01227053</subfield></datafield><datafield ind1=" " ind2="7" tag="655"><subfield code="a">Newspapers.</subfield><subfield code="2">fast</subfield><subfield code="0">(OCoLC)fst01423814</subfield></datafield><datafield ind1=" " ind2=" " tag="752"><subfield code="a">United States</subfield><subfield code="b">Georgia</subfield><subfield code="c">Coweta</subfield><subfield code="d">Newnan.</subfield></datafield><datafield ind1=" " ind2=" " tag="752"><subfield code="a">United States</subfield><subfield code="b">Tennessee</subfield><subfield code="c">Franklin</subfield><subfield code="d">Winchester.</subfield></datafield><datafield ind1="0" ind2="8" tag="776"><subfield code="i">Online version:</subfield><subfield code="t">Winchester daily bulletin (Winchester, Tenn. : Online)</subfield><subfield code="x">2332-0001</subfield><subfield code="w">(DLC)  2013272073</subfield><subfield code="w">(OCoLC)862170678</subfield></datafield><datafield ind1="0" ind2="0" tag="780"><subfield code="t">Daily bulletin (Winchester, Tenn.)</subfield><subfield code="x">2333-2948</subfield><subfield code="w">(DLC)sn 85038523</subfield><subfield code="w">(OCoLC)12697312</subfield></datafield><datafield ind1="0" ind2="0" tag="785"><subfield code="t">Daily bulletin (LaGrange, Ga.)</subfield><subfield code="w">(DLC)sn 90052359</subfield><subfield code="w">(OCoLC)21403899</subfield></datafield><datafield ind1="1" ind2=" " tag="787"><subfield code="t">Winchester army bulletin</subfield><subfield code="x">2333-2972</subfield><subfield code="w">(DLC)sn 85038525</subfield><subfield code="w">(OCoLC)1269732</subfield></datafield><datafield ind1="1" ind2=" " tag="787"><subfield code="t">Home journal (Winchester, Tenn. : 1858)</subfield><subfield code="x">2333-4312</subfield><subfield code="w">(DLC)sn 95068565</subfield><subfield code="w">(OCoLC)32803270</subfield></datafield><datafield ind1="4" ind2="1" tag="856"><subfield code="u">http://chroniclingamerica.loc.gov/lccn/sn85038524/issues</subfield></datafield><datafield ind1="1" ind2=" " tag="029"><subfield code="a">AU@</subfield><subfield code="b">000020234979</subfield></datafield></record>